<record><leader>00000cas a22000007a 4500</leader><controlfield tag="001">17843941</controlfield><controlfield tag="008">880423d18771895iauwr ne      0    0eng d</controlfield><datafield ind1=" " ind2=" " tag="010"><subfield code="a">sn 88059422 </subfield></datafield><datafield ind1=" " ind2=" " tag="040"><subfield code="a">INP</subfield><subfield code="b">eng</subfield><subfield code="c">INP</subfield><subfield code="d">OCLCQ</subfield></datafield><datafield ind1=" " ind2=" " tag="042"><subfield code="a">msc</subfield></datafield><datafield ind1="0" ind2=" " tag="130"><subfield code="a">Brush Creek news (Brush Creek, Iowa : 1877)</subfield></datafield><datafield ind1="1" ind2="4" tag="245"><subfield code="a">The Brush Creek news.</subfield></datafield><datafield ind1=" " ind2=" " tag="260"><subfield code="a">Brush Creek, Fayette County, Iowa :</subfield><subfield code="b">O.H. Osborn</subfield></datafield><datafield ind1=" " ind2=" " tag="300"><subfield code="a">v.</subfield></datafield><datafield ind1=" " ind2=" " tag="310"><subfield code="a">Weekly</subfield></datafield><datafield ind1="1" ind2=" " tag="362"><subfield code="a">Issued 1877?-1895.</subfield></datafield><datafield ind1=" " ind2=" " tag="500"><subfield code="a">Publisher varies.</subfield></datafield><datafield ind1=" " ind2=" " tag="500"><subfield code="a">Brush Creek, Iowa, became Arlington, Iowa, May 15, 1895. Cf. bibliography of Iowa newspapers.</subfield></datafield><datafield ind1=" " ind2=" " tag="588"><subfield code="a">Description based on: Vol. 1, no. 28 (May 11, 1878).</subfield></datafield><datafield ind1=" " ind2=" " tag="752"><subfield code="a">United States</subfield><subfield code="b">Iowa</subfield><subfield code="c">Fayette</subfield><subfield code="d">Brush Creek.</subfield></datafield><datafield ind1=" " ind2=" " tag="752"><subfield code="a">United States</subfield><subfield code="b">Iowa</subfield><subfield code="c">Fayette</subfield><subfield code="d">Arlington.</subfield></datafield><datafield ind1="0" ind2="0" tag="780"><subfield code="t">Brush Creek plaindealer and advertiser</subfield></datafield><datafield ind1="0" ind2="0" tag="785"><subfield code="t">Arlington news (Arlington, Iowa : 1895)</subfield><subfield code="w">(DLC)sn 87058377</subfield></datafield><datafield ind1="1" ind2=" " tag="029"><subfield code="a">AU@</subfield><subfield code="b">000025806687</subfield></datafield></record>